@book{macwhinney2000childes,
  title={The CHILDES project: The database},
  author={MacWhinney, Brian},
  volume={2},
  year={2000},
  publisher={Psychology Press}
}

@article{fenson1994variability,
  title={Variability in early communicative development},
  author={Fenson, Larry and Dale, Philip S and Reznick, J Steven and Bates, Elizabeth and Thal, Donna J and Pethick, Stephen J and Tomasello, Michael and Mervis, Carolyn B and Stiles, Joan},
  journal={Monographs of the society for research in child development},
  pages={i--185},
  year={1994},
  publisher={JSTOR}
}

@article{boersma2016praat,
  title={Praat software},
  author={Boersma, Paul and Weenink, David},
  journal={Amsterdam: University of Amsterdam},
  year={2016}
}

@article{kidd2012goldilocks,
  title={The Goldilocks effect: Human infants allocate attention to visual sequences that are neither too simple nor too complex},
  author={Kidd, Celeste and Piantadosi, Steven T and Aslin, Richard N},
  journal={PloS one},
  volume={7},
  number={5},
  pages={e36399},
  year={2012},
  publisher={Public Library of Science San Francisco, USA}
}

@inproceedings{foushee2016lexical,
  title={Lexical Complexity of Child-Directed and Overheard Speech: Implications for Learning.},
  author={Foushee, Ruthe and Griffiths, Tom and Srinivasan, Mahesh},
  booktitle={Proceedings of the 38th Annual Conference of the Cognitive Science Society},
  pages={1697--1702},
  year={2016}
}

@misc{bergelsoncorpus,
  title={Bergelson HomeBank corpus}, 
  author={Bergelson, Elika},
  year={2016}, 
  howpublished={\url{https://doi.org/10.21415/T5PK6D}}
}

@misc{soderstromcorpus,
  title={McDivitt HomeBank corpus}, 
  author={McDivitt, K and Soderstrom, M},
  year={2016},
  howpublished={\url{https://doi.org/10.21415/T5KK6G}}
}

@misc{vandamcorpus,
  title={VanDam2 HomeBank corpus}, 
  author={VanDam, M},
  year={2016}
}

@misc{warlaumontcorpus,
  title={Warlaumont HomeBank corpus}, 
  author={Warlaumont, A S and Pretzer, G M},
  year={2016},
  howpublished={\url{https://doi.org/10.21415/t54s3c}}
}

@misc{homebank,
  title={Homebank: An online repository of daylong child-centered audio recordings.}, 
  author={VanDam, M and Warlaumont, A S and Bergelson, E and Cristia, A and De Palma, P and MacWhinney, B},
  year={2016},
  howpublished={\url{https://homebank.talkbank.org}}
}
@article{frank2017wordbank,
  title={Wordbank: An open repository for developmental vocabulary data},
  author={Frank, Michael C and Braginsky, Mika and Yurovsky, Daniel and Marchman, Virginia A},
  journal={Journal of child language},
  volume={44},
  number={3},
  pages={677--694},
  year={2017},
  publisher={Cambridge University Press}
}

@article{honnibal2020spacy,
   title = {{spaCy: Industrial-strength Natural Language Processing in Python}},
   author = {Honnibal, Matthew and Montani, Ines and Van Landeghem, Sofie and Boyd, Adriane},
   doi = {10.5281/zenodo.1212303},
   year = {2020}
}

@manual{braginsky2021childesr,
   title = {childesr: Accessing the 'CHILDES' Database},
   author = {Mika Braginsky and Alessandro Sanchez and Daniel Yurovsky},
   year = {2021},
   note = {R package version 0.2.2},
   url = {https://CRAN.R-project.org/package=childesr},
}

@article{nencheva2021moment,
  title={The moment-to-moment pitch dynamics of child-directed speech shape toddlers’ attention and learning},
  author={Nencheva, Mira L and Piazza, Elise A and Lew-Williams, Casey},
  journal={Developmental Science},
  volume={24},
  number={1},
  pages={e12997},
  year={2021},
  publisher={Wiley Online Library}
}

@article{shneidman2012language,
  title={Language input and acquisition in a Mayan village: How important is directed speech?},
  author={Shneidman, Laura A and Goldin-Meadow, Susan},
  journal={Developmental science},
  volume={15},
  number={5},
  pages={659--673},
  year={2012},
  publisher={Wiley Online Library}
}

@article{weisleder2013talking,
  title={Talking to children matters: Early language experience strengthens processing and builds vocabulary},
  author={Weisleder, Adriana and Fernald, Anne},
  journal={Psychological science},
  volume={24},
  number={11},
  pages={2143--2152},
  year={2013},
  publisher={Sage Publications Sage CA: Los Angeles, CA}
}

@article{soderstrom2007beyond,
  title={Beyond babytalk: Re-evaluating the nature and content of speech input to preverbal infants},
  author={Soderstrom, Melanie},
  journal={Developmental Review},
  volume={27},
  number={4},
  pages={501--532},
  year={2007},
  publisher={Elsevier}
}

@article{fernald1989intonation,
  title={Intonation and communicative intent in mothers' speech to infants: Is the melody the message?},
  author={Fernald, Anne},
  journal={Child development},
  pages={1497--1510},
  year={1989},
  publisher={JSTOR}
}

@article{rowe2008child,
  title={Child-directed speech: Relation to socioeconomic status, knowledge of child development and child vocabulary skill},
  author={Rowe, Meredith L},
  journal={Journal of child language},
  volume={35},
  number={1},
  pages={185--205},
  year={2008},
  publisher={Cambridge University Press}
}

@article{manybabies2020quantifying,
  title={Quantifying sources of variability in infancy research using the infant-directed-speech preference},
  author={Consortium ManyBabies},
  journal={Advances in Methods and Practices in Psychological Science},
  volume={3},
  number={1},
  pages={24--52},
  year={2020},
  publisher={SAGE Publications Sage CA: Los Angeles, CA}
}

@article{cooper1990preference,
  title={Preference for infant-directed speech in the first month after birth},
  author={Cooper, Robin Panneton and Aslin, Richard N},
  journal={Child development},
  volume={61},
  number={5},
  pages={1584--1595},
  year={1990},
  publisher={Wiley Online Library}
}

@article{vosoughi2012longitudinal,
  title={A longitudinal study of prosodic exaggeration in child-directed speech},
  author={Vosoughi, Soroush and Roy, Deb K},
  year={2012},
  publisher={Speech Prosody Special Interest Group (SProSIG)}
}

@article{golinkoff2015baby,
  title={(Baby) talk to me: the social context of infant-directed speech and its effects on early language acquisition},
  author={Golinkoff, Roberta Michnick and Can, Dilara Deniz and Soderstrom, Melanie and Hirsh-Pasek, Kathy},
  journal={Current Directions in Psychological Science},
  volume={24},
  number={5},
  pages={339--344},
  year={2015},
  publisher={SAGE publications Sage CA: Los Angeles, CA}
}
@Manual{R-base,
  title = {R: A Language and Environment for Statistical Computing},
  author = {{R Core Team}},
  organization = {R Foundation for Statistical Computing},
  address = {Vienna, Austria},
  year = {2021},
  url = {https://www.R-project.org/},
}
@Manual{R-DescTools,
  title = {{DescTools}: Tools for Descriptive Statistics},
  author = {Signorell {Andri et mult. al.}},
  year = {2021},
  note = {R package version 0.99.44},
  url = {https://cran.r-project.org/package=DescTools},
}
@Manual{R-dplyr,
  title = {dplyr: A Grammar of Data Manipulation},
  author = {Hadley Wickham and Romain François and Lionel Henry and Kirill Müller},
  year = {2021},
  note = {R package version 1.0.7},
  url = {https://CRAN.R-project.org/package=dplyr},
}
@Manual{R-forcats,
  title = {forcats: Tools for Working with Categorical Variables (Factors)},
  author = {Hadley Wickham},
  year = {2021},
  note = {R package version 0.5.1},
  url = {https://CRAN.R-project.org/package=forcats},
}
@Book{R-ggplot2,
  author = {Hadley Wickham},
  title = {ggplot2: Elegant Graphics for Data Analysis},
  publisher = {Springer-Verlag New York},
  year = {2016},
  isbn = {978-3-319-24277-4},
  url = {https://ggplot2.tidyverse.org},
}
@Manual{R-ggpubr,
  title = {ggpubr: 'ggplot2' Based Publication Ready Plots},
  author = {Alboukadel Kassambara},
  year = {2020},
  note = {R package version 0.4.0},
  url = {https://CRAN.R-project.org/package=ggpubr},
}
@Manual{R-kableExtra,
  title = {kableExtra: Construct Complex Table with 'kable' and Pipe Syntax},
  author = {Hao Zhu},
  year = {2021},
  note = {R package version 1.3.4},
  url = {https://CRAN.R-project.org/package=kableExtra},
}
@Manual{R-png,
  title = {png: Read and write PNG images},
  author = {Simon Urbanek},
  year = {2013},
  note = {R package version 0.1-7},
  url = {https://CRAN.R-project.org/package=png},
}
@Manual{R-purrr,
  title = {purrr: Functional Programming Tools},
  author = {Lionel Henry and Hadley Wickham},
  year = {2020},
  note = {R package version 0.3.4},
  url = {https://CRAN.R-project.org/package=purrr},
}
@Manual{R-readr,
  title = {readr: Read Rectangular Text Data},
  author = {Hadley Wickham and Jim Hester and Jennifer Bryan},
  year = {2021},
  note = {R package version 2.1.1},
  url = {https://CRAN.R-project.org/package=readr},
}
@Manual{R-stringr,
  title = {stringr: Simple, Consistent Wrappers for Common String Operations},
  author = {Hadley Wickham},
  year = {2019},
  note = {R package version 1.4.0},
  url = {https://CRAN.R-project.org/package=stringr},
}
@Manual{R-tibble,
  title = {tibble: Simple Data Frames},
  author = {Kirill Müller and Hadley Wickham},
  year = {2021},
  note = {R package version 3.1.6},
  url = {https://CRAN.R-project.org/package=tibble},
}
@Manual{R-tidyr,
  title = {tidyr: Tidy Messy Data},
  author = {Hadley Wickham},
  year = {2021},
  note = {R package version 1.1.4},
  url = {https://CRAN.R-project.org/package=tidyr},
}
@Article{R-tidyverse,
  title = {Welcome to the {tidyverse}},
  author = {Hadley Wickham and Mara Averick and Jennifer Bryan and Winston Chang and Lucy D'Agostino McGowan and Romain François and Garrett Grolemund and Alex Hayes and Lionel Henry and Jim Hester and Max Kuhn and Thomas Lin Pedersen and Evan Miller and Stephan Milton Bache and Kirill Müller and Jeroen Ooms and David Robinson and Dana Paige Seidel and Vitalie Spinu and Kohske Takahashi and Davis Vaughan and Claus Wilke and Kara Woo and Hiroaki Yutani},
  year = {2019},
  journal = {Journal of Open Source Software},
  volume = {4},
  number = {43},
  pages = {1686},
  doi = {10.21105/joss.01686},
}
@Manual{R-xtable,
  title = {xtable: Export Tables to LaTeX or HTML},
  author = {David B. Dahl and David Scott and Charles Roosen and Arni Magnusson and Jonathan Swinton},
  year = {2019},
  note = {R package version 1.8-4},
  url = {https://CRAN.R-project.org/package=xtable},
}
