@book{macwhinney2000childes,
  title={The CHILDES project: The database},
  author={MacWhinney, Brian},
  volume={2},
  year={2000},
  publisher={Psychology Press}
}

@article{fenson1994variability,
  title={Variability in early communicative development},
  author={Fenson, Larry and Dale, Philip S and Reznick, J Steven and Bates, Elizabeth and Thal, Donna J and Pethick, Stephen J and Tomasello, Michael and Mervis, Carolyn B and Stiles, Joan},
  journal={Monographs of the society for research in child development},
  pages={i--185},
  year={1994},
  publisher={JSTOR}
}